@misc{sheyker-sort,
	title="Шейкерная сортировка (перемешиванием)  [Электронный ресурс]",
	howpublished="Режим доступа: \url{https://kvodo.ru/shaker-sort.html} (дата обращения: 4.10.2021)"
}

@misc{insertion-sort,
	title="Сортировка вставками  [Электронный ресурс]",
	howpublished="Режим доступа: \url{https://kvodo.ru/sortirovka-vstavkami-2.html} (дата обращения: 4.10.2021)"
}

@misc{gnomme-sort,
	title="
    лупая сортировка и некоторые другие, поумнее. [Электронный ресурс]",
	howpublished="Режим доступа: \url{https://habr.com/ru/post/204968/} (дата обращения: 4.10.2021)"
}


@misc{python-lang,
	title="Welcome to Python [Электронный ресурс]",
	howpublished="Режим доступа: \url{https://www.python.org} (дата обращения: 04.10.2021)"
}

@misc{python-lang-time,
	title="time — Time access and conversions [Электронный ресурс]",
	howpublished="Режим доступа: \url{https://docs.python.org/3/library/time.html#functions} (дата обращения: 04.10.2021)"
}




@misc{ubuntu,
	title="Ubuntu 20.04.3 LTS (Focal Fossa) [Электронный ресурс]",
	howpublished="Режим доступа: \url{https://releases.ubuntu.com/20.04/} (дата обращения: 04.10.2021)"
}

@misc{linux,
	title="Linux -- Википедия [Электронный ресурс]",
	howpublished="Режим доступа: \url{https://ru.wikipedia.org/wiki/Linux} (дата обращения: 04.10.2021)"
}


@misc{intel,
	title="Процессор Intel® Core™ i5-1135G7 [Электронный ресурс]",
	howpublished="Режим доступа: \url{https://www.intel.ru/content/www/ru/ru/products/sku/208658/intel-core-i51135g7-processor-8m-cache-up-to-4-20-ghz/specifications.html} (дата обращения: 04.10.2021)"
}
