@misc{dictionary,
	title="Словари [Электронный ресурс]",
	howpublished="Режим доступа: \url{https://younglinux.info/python/dictionary} (дата обращения: 27.11.2021)"
}


@misc{search-full,
	title="Полный перебор [Электронный ресурс]",
	howpublished="Режим доступа: \url{http://skud-perm.ru/posts/polnyj-perebor} (дата обращения: 27.11.2021)"
}


@misc{search-bin,
	title="Бинарный поиск [Электронный ресурс]",
	howpublished="Режим доступа: \url{https://prog-cpp.ru/search-binary/} (дата обращения: 27.11.2021)"
}


@misc{search-segments,
		title="Нильсон Н. Искусственный интеллект. Методы поиска решений.",
		year=1973
}



@misc{python-lang,
	title="Welcome to Python [Электронный ресурс]",
	howpublished="Режим доступа: \url{https://www.python.org} (дата обращения: 23.11.2021)"
}


@misc{python-lang-time,
	title="time — Time access and conversions [Электронный ресурс]",
	howpublished="Режим доступа: \url{https://docs.python.org/3/library/time.html#functions} (дата обращения: 27.11.2021)"
}


@misc{ubuntu,
	title="Ubuntu 20.04.3 LTS (Focal Fossa) [Электронный ресурс]",
	howpublished="Режим доступа: \url{https://releases.ubuntu.com/20.04/} (дата обращения: 27.11.2021)"
}

@misc{linux,
	title="Linux [Электронный ресурс]",
	howpublished="Режим доступа: \url{https://www.linux.org/forums/#linux-tutorials.122} (дата обращения: 27.11.2021)"
}


@misc{intel,
	title="Процессор Intel® Core™ i5-7300HQ [Электронный ресурс]",
	howpublished="Режим доступа: \url{https://ark.intel.com/content/www/ru/ru/ark/products/97456/intel-core-i5-7300hq-processor-6m-cache-up-to-3-50-ghz.html} (дата обращения: 25.11.2021)"
}
