@misc{conveyer,
	title="Конвейерная обработка данных [Электронный ресурс]",
	howpublished="Режим доступа: \url{https://studref.com/636041/ekonomika/konveyernaya_obrabotka_dannyh} (дата обращения: 23.10.2021)"
}

@misc{bres-alg,
	title="Алгоритм Брезенхема [Электронный ресурс]",
	howpublished="Режим доступа: \url{http://www.mari-el.ru/mmlab/home/kg/Lection5/3.html} (дата обращения: 23.10.2021)"
}

@misc{cpp-lang,
	title="Программирование на C/C++ [Электронный ресурс]",
	howpublished="Режим доступа: \url{http://www.c-cpp.ru/} (дата обращения: 23.10.2021)"
}

@misc{python-lang,
	title="Welcome to Python [Электронный ресурс]",
	howpublished="Режим доступа: \url{https://www.python.org} (дата обращения: 23.10.2021)"
}

@misc{cpp-lang-chrono,
	title="Date and time utilities [Электронный ресурс]",
	howpublished="Режим доступа: \url{https://en.cppreference.com/w/cpp/chrono} (дата обращения: 23.10.2021)"
}

@misc{ubuntu,
	title="Ubuntu 20.04.3 LTS (Focal Fossa) [Электронный ресурс]",
	howpublished="Режим доступа: \url{https://releases.ubuntu.com/20.04/} (дата обращения: 15.10.2021)"
}

@misc{linux,
	title="Linux [Электронный ресурс]",
	howpublished="Режим доступа: \url{https://www.linux.org/forums/#linux-tutorials.122} (дата обращения: 15.10.2021)"
}


@misc{intel,
	title="Процессор Intel® Core™ i5-7300HQ [Электронный ресурс]",
	howpublished="Режим доступа: \url{https://ark.intel.com/content/www/ru/ru/ark/products/97456/intel-core-i5-7300hq-processor-6m-cache-up-to-3-50-ghz.html} (дата обращения: 04.10.2021)"
}
